@article{brownell,
  title = "Barriers to faculty pedagogical change: Lack of training, time, incentives, and...tensions with professional identity?",
  author = {Sara E. Brownell and Kimberly D. Tanner},
  year = "2012",
  doi = "10.1187/cbe.12-09-0163",
  volume = "11",
  pages = "339--346",
  journal = "CBE Life Sciences Education",
  number = "4"
}

@misc{choral-explanations,
  title = {Choral Explanations},
  author = {Michael Caulfield},
  howpublished = {https://hapgood.us/2016/05/13/choral-explanations/},
  day = {13},
  month = {May},
  year = {2016}
}

@book{hlw,
  title = {How Learning Works},
  subtitle = {Seven Research-Based Principles for Smart Teaching},
  author = {Susan A. Ambrose and Michael W. Bridges and Michele DiPietro and Marsha C. Lovett and Marie K. Norman},
  publisher = {Jossey-Bass},
  year = {2010},
  isbn = {978-0470484104}
}

@article{lessons-learned,
  title = {Software Carpentry: Lessons Learned},
  author = {Greg Wilson},
  journal = {F1000Research},
  volume = {3},
  number = {62},
  year = {2016},
  doi = {10.12688/f1000research.3-62.v2}
}

@book{producing-oss,
  title = {Producing Open Source Software},
  subtitle = {How to Run a Successful Free Software Project},
  author = {Karl Fogel},
  publisher = {O'Reilly},
  year = {2005},
  isbn = {978-0596007591}
}

@book{wiggins-mctighe,
  title = {Understanding by Design},
  author = {Grant Wiggins and Jay McTighe},
  publisher = {Association for Supervision and Curriculum Development},
  year = {2005},
  edition = {2nd},
  isbn = {978-1416600350}
}

@misc{instructor-training,
  title = {Software Carpentry: Instructor Training},
  editor = {Christina Koch and Greg Wilson},
  year = {2016},
  month = {January},
  url = {https://zenodo.org/record/57571#.WS8huDOZPdQ},
  doi = {10.5281/ZENODO.57571}
}

@book{how-to-teach-programming,
  author = {Greg Wilson},
  title = {How to Teach Programming (And Other Things)},
  publisher = {Lulu.com},
  year = {2017},
  isbn = {978-1365984280}
}

@misc{shell2015,
  title = {Software Carpentry: The Unix Shell},
  editor = {Gabriel Devenyi and Christina Koch},
  year = {2015},
  month = {January},
  url = {https://zenodo.org/record/27355#.WS8lajOZPdQ},
  doi = {10.5281/ZENODO.27355}
}

@misc{shell2017,
  title = {Software Carpentry: The Unix Shell},
  editor = {Gabriel Devenyi and Ashwin Srinath},
  year = {2017},
  month = {January},
  url = {https://zenodo.org/record/278226#.WS74tTOZPdQ},
  doi = {10.5281/ZENODO.278226}
}
